<?xml version="1.0" encoding="UTF-8"?><record xmlns="http://www.loc.gov/MARC21/slim" xmlns:cinclude="http://apache.org/cocoon/include/1.0" xmlns:zs="http://www.loc.gov/zing/srw/">
  <leader>00519nz  a2200145n  4500</leader>
  <controlfield tag="001">no2011184415</controlfield>
  <controlfield tag="003">DLC</controlfield>
  <controlfield tag="005">20111202075124.0</controlfield>
  <controlfield tag="008">111130n| acannaabn          |a aaa     c</controlfield>
  <datafield tag="010" ind1=" " ind2=" ">
    <subfield code="a">no2011184415</subfield>
  </datafield>
  <datafield tag="035" ind1=" " ind2=" ">
    <subfield code="a">(OCoLC)oca09049145</subfield>
  </datafield>
  <datafield tag="040" ind1=" " ind2=" ">
    <subfield code="a">NjP</subfield>
    <subfield code="b">eng</subfield>
    <subfield code="c">NjP</subfield>
  </datafield>
  <datafield tag="100" ind1="1" ind2=" ">
    <subfield code="a">Ponomarev, K. N.</subfield>
    <subfield code="q">(Kirill Nikolaevich)</subfield>
  </datafield>
  <datafield tag="400" ind1="1" ind2=" ">
    <subfield code="a">Ponomarev, Kirill Nikolaevich</subfield>
  </datafield>
  <datafield tag="670" ind1=" " ind2=" ">
    <subfield code="a">Politicheskai︠a︡ oppozit︠s︡ii︠a︡ kak atribut demokratii, 2004:</subfield>
    <subfield code="b">t.p. (K.N.Ponomarev) cover p. 4 (Ponomarev Kirill Nikolaevich [in indirect order])</subfield>
  </datafield>
</record>